[gd_scene load_steps=2 format=2]

[ext_resource path="res://AssemblerScene.gd" type="Script" id=1]

[node name="Assembler" type="Control"]
anchor_right = 1.0
anchor_bottom = 1.0
script = ExtResource( 1 )
__meta__ = {
"_edit_use_anchors_": false
}

[node name="MarginContainer" type="MarginContainer" parent="."]
margin_left = 50.0
margin_top = 50.0
margin_right = 974.0
margin_bottom = 550.0
__meta__ = {
"_edit_use_anchors_": false
}

[node name="VBoxContainer" type="VBoxContainer" parent="MarginContainer"]
margin_right = 924.0
margin_bottom = 500.0

[node name="HBoxContainer" type="HBoxContainer" parent="MarginContainer/VBoxContainer"]
margin_right = 924.0
margin_bottom = 452.0
size_flags_horizontal = 3
size_flags_vertical = 3

[node name="SourceVBoxContainer" type="VBoxContainer" parent="MarginContainer/VBoxContainer/HBoxContainer"]
margin_right = 305.0
margin_bottom = 452.0
size_flags_horizontal = 3
size_flags_vertical = 3

[node name="SourceLabel" type="Label" parent="MarginContainer/VBoxContainer/HBoxContainer/SourceVBoxContainer"]
margin_right = 305.0
margin_bottom = 14.0
text = "Source:"

[node name="Source" type="TextEdit" parent="MarginContainer/VBoxContainer/HBoxContainer/SourceVBoxContainer"]
margin_top = 18.0
margin_right = 305.0
margin_bottom = 452.0
rect_min_size = Vector2( 200, 200 )
size_flags_horizontal = 3
size_flags_vertical = 3
__meta__ = {
"_editor_description_": ""
}

[node name="ROMSoureVBoxContainer" type="VBoxContainer" parent="MarginContainer/VBoxContainer/HBoxContainer"]
margin_left = 309.0
margin_right = 614.0
margin_bottom = 452.0
size_flags_horizontal = 3
size_flags_vertical = 3

[node name="ROMSourceLabel" type="Label" parent="MarginContainer/VBoxContainer/HBoxContainer/ROMSoureVBoxContainer"]
margin_right = 305.0
margin_bottom = 14.0
text = "Decompiled ROM:"

[node name="ROMSource" type="TextEdit" parent="MarginContainer/VBoxContainer/HBoxContainer/ROMSoureVBoxContainer"]
margin_top = 18.0
margin_right = 305.0
margin_bottom = 452.0
rect_min_size = Vector2( 200, 200 )
size_flags_horizontal = 3
size_flags_vertical = 3
__meta__ = {
"_edit_use_anchors_": false
}

[node name="BinaryVBoxContainer" type="VBoxContainer" parent="MarginContainer/VBoxContainer/HBoxContainer"]
margin_left = 618.0
margin_right = 924.0
margin_bottom = 452.0
size_flags_horizontal = 3
size_flags_vertical = 3

[node name="BinaryLabel" type="Label" parent="MarginContainer/VBoxContainer/HBoxContainer/BinaryVBoxContainer"]
margin_right = 306.0
margin_bottom = 14.0
text = "Binary:"

[node name="Binary" type="TextEdit" parent="MarginContainer/VBoxContainer/HBoxContainer/BinaryVBoxContainer"]
margin_top = 18.0
margin_right = 306.0
margin_bottom = 452.0
size_flags_horizontal = 3
size_flags_vertical = 3

[node name="CompileButton" type="Button" parent="MarginContainer/VBoxContainer"]
margin_top = 456.0
margin_right = 924.0
margin_bottom = 476.0
size_flags_horizontal = 3
text = "Compile"
__meta__ = {
"_edit_use_anchors_": false
}

[node name="MainMenuButton" type="Button" parent="MarginContainer/VBoxContainer"]
margin_top = 480.0
margin_right = 924.0
margin_bottom = 500.0
size_flags_horizontal = 3
text = "Return to main menu"
[connection signal="pressed" from="MarginContainer/VBoxContainer/CompileButton" to="." method="_on_CompileButton_pressed"]
[connection signal="pressed" from="MarginContainer/VBoxContainer/MainMenuButton" to="." method="_on_MainMenuButton_pressed"]
